@online{jrt,
author = {Mark Stoodley and Mike Fulton and Michael Dawson and Ryan Sciampacone and John Kacur},
title  = {Using Java code to program real-time systems},
date   = {10-07-2007},
url    = {https://www.ibm.com/developerworks/java/library/j-rtj1/index.html?ca=drs-}
}

@online{comp,
author = {Mark Stoodley and Kenneth Ma and Marius Lut},
title  = {Comparing compilation techniques},
date   = {17-07-2007},
url    = {https://www.ibm.com/developerworks/java/library/j-rtj2/index.html?ca=drs-}
}
